
@misc{FirecrackerGithub,
author = {Amazon},
title = {{Firecracker Micro VM}},
howpublished = {\url{https://aws.amazon.com/blogs/aws/firecracker-lightweight-virtualization-for-serverless-computing/}},
urldate = {2018-11-10},
year = {2020}
}
@misc{FirecrackerBlog,
author = {Amazon},
title = {{Firecracker Micro VM}},
howpublished = {\url{https://aws.amazon.com/blogs/aws/firecracker-lightweight-virtualization-for-serverless-computing/}},
urldate = {2019-07-02},
year = {2020}
}
@inproceedings{StatefulDataflow:2014,
author = {Fernandez, Raul Castro and Migliavacca, Matteo and Kalyvianaki, Evangelia and Pietzuch, Peter},
booktitle = {USENIX Annual Technical Conference (USENIX ATC)},
title = {{Making State Explicit For Imperative Big Data Processing}},
year = {2014}
}
@inproceedings{SFDF,
author = {Fernandez, Raul Castro and Migliavacca, Matteo and Kalyvianaki, Evangelia and Pietzuch, Peter},
booktitle = {USENIX Annual Technical Conference (USENIX ATC)},
title = {{Making State Explicit For Imperative Big Data Processing}},
year = {2014}
}

@inproceedings{werner2018serverless,
author={S. {Werner} and J. {Kuhlenkamp} and M. {Klems} and J. {MÃ¼ller} and S. {Tai}},
booktitle = {IEEE Conference on Big Data (Big Data)},
title = {{Serverless Big Data Processing Using Matrix Multiplication}},
year = {2018}
}
@article{Anna:2019,
author = {Wu, Chenggang and Faleiro, Jose and Lin, Yihan and Hellerstein, Joseph},
journal = {IEEE International Conference on Data Engineering, (ICDE)},
title = {{Anna: a KVS for any Scale}},
year = {2018}
}
